@article{breiman2001random,
  title = {{Random forests}},
  author = {Breiman, Leo},
  journal = {Machine learning},
  volume = {45},
  number = {1},
  pages = {5--32},
  year = {2001},
  publisher = {Springer},
}


@article{Cortes_1995,
  title = {{Support-vector networks}},
  volume = {20},
  issn = {1573-0565},
  url = {http://dx.doi.org/10.1007/BF00994018},
  doi = {10.1007/bf00994018},
  number = {3},
  journal = {Mach Learn},
  publisher = {Springer Science + Business Media},
  author = {Cortes, Corinna and Vapnik, Vladimir},
  year = {1995},
  month = {Sep},
  pages = {273{\textendash}297},
}


@article{rifkin2004defense,
  title = {{In defense of one-vs-all classification}},
  author = {Rifkin, Ryan and Klautau, Aldebaro},
  journal = {The Journal of Machine Learning Research},
  volume = {5},
  pages = {101--141},
  year = {2004},
  publisher = {JMLR. org},
}


@book{russell1995artificial,
  title = {{Artificial Intelligence: A Modern Approach}},
  author = {Russell, Stuart and Norvig, Peter},
  chapter = {Learning from Examples},
  year = {2009},
  publisher = {Prentice Hall},
}


@article{cite:8,
  author = {R. Liouville and G. Bernoulli},
  title = {{On the Positivity of Conditionally Closed, Right-Simply Contravariant Scalars}},
  journal = {{J}ournal of Numerical Geometry},
  month = {aug},
  year = {1993},
  volume = {6},
  pages = {152--191},
}


@article{cite:2,
  author = {Q. Smith},
  title = {{${\ell}$-Multiply Contra-One-to-One Paths over Semi-Almost Everywhere Negative Isomorphisms}},
  journal = {{J}ournal of Homological Model Theory},
  month = {sep},
  year = {2003},
  volume = {7},
  pages = {1408--1423},
}


@article{cite:0,
  author = {Q. Tate and L. Garcia and G. Banach},
  title = {{Regularity Methods in Fuzzy Number Theory}},
  journal = {{A}rchives of the {M}oldovan {M}athematical {S}ociety},
  month = {aug},
  year = {1995},
  volume = {0},
  pages = {78--93},
}


@article{Pepe_Kurtz_2012,
  title = {{A Measure of Total Research Impact Independent of Time and Discipline}},
  volume = {7},
  url = {http://dx.doi.org/10.1371/journal.pone.0046428},
  doi = {10.1371/journal.pone.0046428},
  number = {11},
  journal = {PLoS ONE},
  publisher = {Public Library of Science},
  author = {Pepe, Alberto and Kurtz, Michael J.},
  editor = {Browman, HowardEditor},
  year = {2012},
  month = {Nov},
  pages = {e46428},
}


@inbook{Aad_Castelluccia_2001,
  title = {{Differentiation mechanisms for IEEE 802.11}},
  isbn = {0-7803-7016-3},
  url = {http://dx.doi.org/10.1109/INFCOM.2001.916703},
  doi = {10.1109/INFCOM.2001.916703},
  booktitle = {Proceedings IEEE INFOCOM 2001. Conference on Computer Communications. Twentieth Annual Joint Conference of the IEEE Computer and Communications Society (Cat. No.01CH37213)},
  publisher = {Institute of Electrical and Electronics Engineers},
  author = {Aad, I. and Castelluccia, C.},
  year = {2001},
  pages = {209-218},
}


@book{schantz1982history,
  title = {{History of OCR, Optical Character Recognition}},
  author = {Schantz, Herbert F},
  year = {1982},
  publisher = {Recognition Technologies Users Association},
  isbn = {9780943072012},
}


@article{Holley_2009,
  title = {{How Good Can It Get?}},
  volume = {15},
  issn = {1082-9873},
  url = {http://dx.doi.org/10.1045/march2009-holley},
  doi = {10.1045/march2009-holley},
  number = {3/4},
  journal = {D-Lib Magazine},
  publisher = {CNRI Acct},
  author = {Holley, Rose},
  year = {2009},
  month = {Mar},
}


@article{lecun1998mnist,
  title = {{MNIST handwritten digit database}},
  author = {LeCun, Yann and Cortes, Corinna},
  journal = {AT\&T Labs [Online]. Available: http://yann. lecun. com/exdb/mnist},
  year = {1998},
}


@article{Lecun_1998,
  title = {{Gradient-based learning applied to document recognition}},
  volume = {86},
  issn = {0018-9219},
  url = {http://dx.doi.org/10.1109/5.726791},
  doi = {10.1109/5.726791},
  number = {11},
  journal = {Proceedings of the IEEE},
  publisher = {Institute of Electrical & Electronics Engineers (IEEE)},
  author = {Lecun, Y. and Bottou, L. and Bengio, Y. and Haffner, P.},
  year = {1998},
  pages = {2278{\textendash}2324},
}


@inproceedings{deng2011deep,
  title = {{Deep convex net: A scalable architecture for speech pattern classification}},
  author = {Deng, Li and Yu, Dong},
  booktitle = {Proceedings of the Interspeech},
  year = {2011},
}


@article{Cire_an_2010,
  title = {{Deep, Big, Simple Neural Nets for Handwritten Digit Recognition}},
  volume = {22},
  issn = {1530-888X},
  url = {http://dx.doi.org/10.1162/neco_a_00052},
  doi = {10.1162/neco_a_00052},
  number = {12},
  journal = {Neural Computation},
  publisher = {MIT Press - Journals},
  author = {Cire{\c{s}}an, Dan Claudiu and Meier, Ueli and Gambardella, Luca Maria and Schmidhuber, J{\"{u}}rgen},
  year = {2010},
  month = {Dec},
  pages = {3207{\textendash}3220},
}


@ARTICLE{2012arXiv1202.2745C,
  author = {{Cire{\c s}an}, D. and {Meier}, U. and {Schmidhuber}, J.},
  title = {{Multi-column Deep Neural Networks for Image Classification}},
  journal = {ArXiv e-prints},
  archiveprefix = {arXiv},
  eprint = {1202.2745},
  primaryclass = {cs.CV},
  keywords = {Computer Science - Computer Vision and Pattern Recognition, Computer Science - Artificial Intelligence},
  year = {2012},
  month = {feb},
  adsurl = {http://adsabs.harvard.edu/abs/2012arXiv1202.2745C},
  adsnote = {Provided by the SAO/NASA Astrophysics Data System},
}


@article{klijn2008current,
  title={The current state-of-art in newspaper digitization: A market perspective},
  author={Klijn, Edwin},
  journal={D-Lib Magazine},
  volume={14},
  number={1},
  pages={5},
  year={2008},
  publisher={Corporation for National Research Initiatives}
}


@article{Chang:2010:TTL:1756006.1859899,
  author = {Chang, Yin-Wen and Hsieh, Cho-Jui and Chang, Kai-Wei and Ringgaard, Michael and Lin, Chih-Jen},
  title = {{Training and Testing Low-degree Polynomial Data Mappings via Linear SVM}},
  journal = {J. Mach. Learn. Res.},
  issue_date = {3/1/2010},
  volume = {11},
  month = {aug},
  year = {2010},
  issn = {1532-4435},
  pages = {1471--1490},
  numpages = {20},
  url = {http://dl.acm.org/citation.cfm?id=1756006.1859899},
  acmid = {1859899},
  publisher = {JMLR.org},
}


@article{Vert,
  title = {{Kernel Methods in Genomics and Computational Biology}},
  year = 2005, 
  isbn = {http://id.crossref.org/isbn/9781599040448},
  url = {http://dx.doi.org/10.4018/978-1-59904-042-4.ch002},
  doi = {10.4018/978-1-59904-042-4.ch002},
  journal = {Kernel Methods in Bioengineering, Signal and Image Processing},
  publisher = {IGI Global},
  author = {Vert, Jean-Philippe},
  pages = {42{\textendash}63},
}


@article{Dong_June_Lee,
  title = {{A new methodology for gray-scale character segmentation and recognition}},
  isbn = {http://id.crossref.org/isbn/0-8186-7128-9},
  url = {http://dx.doi.org/10.1109/icdar.1995.599049},
  doi = {10.1109/icdar.1995.599049},
  journal = {Proceedings of 3rd International Conference on Document Analysis and Recognition},
  year = 1996,
  publisher = {IEEE Comput. Soc. Press},
  author = {Dong-June Lee and Seong-Whan Lee},
}


@incollection{kahraman2003license,
  title = {{License plate character segmentation based on the gabor transform and vector quantization}},
  author = {Kahraman, Fatih and Kurt, Binnur and G{\"o}kmen, Muhittin},
  booktitle = {Computer and Information Sciences-ISCIS 2003},
  pages = {381--388},
  year = {2003},
  publisher = {Springer},
}


@article{Franc_2005,
  title = {{License Plate Character Segmentation Using Hidden Markov Chains}},
  isbn = {http://id.crossref.org/isbn/978-3-540-31942-9},
  issn = {1611-3349},
  url = {http://dx.doi.org/10.1007/11550518_48},
  doi = {10.1007/11550518_48},
  journal = {Lecture Notes in Computer Science},
  publisher = {Springer Science + Business Media},
  author = {Franc, Vojt{\v{e}}ch and Hlav{\'{a}}{\v{c}}, V{\'{a}}clav},
  year = {2005},
  pages = {385{\textendash}392},
}


@inproceedings{janssen2012receipts2go,
  title = {{Receipts2go: the big world of small documents}},
  author = {Janssen, Bill and Saund, Eric and Bier, Eric and Wall, Patricia and Sprague, Mary Ann},
  booktitle = {Proceedings of the 2012 ACM symposium on Document engineering},
  pages = {121--124},
  year = {2012},
  organization = {ACM},
}


@article{otsu1975threshold,
  title = {{A threshold selection method from gray-level histograms}},
  author = {Otsu, Nobuyuki},
  journal = {Automatica},
  volume = {11},
  number = {285-296},
  pages = {23--27},
  year = {1975},
}


@article{Fawcett_2006,
  title = {{An introduction to ROC analysis}},
  volume = {27},
  issn = {0167-8655},
  url = {http://dx.doi.org/10.1016/j.patrec.2005.10.010},
  doi = {10.1016/j.patrec.2005.10.010},
  number = {8},
  journal = {Pattern Recognition Letters},
  publisher = {Elsevier BV},
  author = {Fawcett, Tom},
  year = {2006},
  month = {Jun},
  pages = {861{\textendash}874},
}


@article{chaparro2006examining,
  title = {{Examining the Legibility of Two New ClearType Fonts}},
  author = {Chaparro, B and Shaikh, A Dawn and Chaparro, Alex},
  journal = {Usability News},
  volume = {8},
  number = {1},
  year = {2006},
}


@misc{imprezzio,
  author = {Holly Doering},
  title = {{Imprezzio Software Contest Wraps Up in Romania; Gathers Steam in US}},
  howpublished = {\url{http://blog.imprezzio.com/imprezzio-inc/imprezzio-software-contest-wraps-up-in-romania-gathers-steam-in-us/}},
  note = {Accessed: 2014-05-28},
}


@article{halevy2009unreasonable,
  title = {{The unreasonable effectiveness of data}},
  author = {Halevy, Alon and Norvig, Peter and Pereira, Fernando},
  journal = {Intelligent Systems, IEEE},
  volume = {24},
  number = {2},
  pages = {8--12},
  year = {2009},
  publisher = {IEEE},
}


@misc{shepard1971reading,
  title = {{READING APPARATUS}},
  author = {Shepard, David H and Silsby III, Howard W},
  year = {1971},
  month = {jun ~1},
  note = {US Patent 3,582,883},
}


@inproceedings{smith2007overview,
  title = {{An Overview of the Tesseract OCR Engine.}},
  author = {Smith, Ray},
  booktitle = {ICDAR},
  volume = {7},
  pages = {629--633},
  year = {2007},
}


@article{fawcett2006introduction,
  title = {{An introduction to ROC analysis}},
  author = {Fawcett, Tom},
  journal = {Pattern recognition letters},
  volume = {27},
  number = {8},
  pages = {861--874},
  year = {2006},
  publisher = {Elsevier},
}


@misc{mint,
  author = {Intuit},
  title = {{Mint - Personal Finance, Budgeting, Money Management, Financial Management, Money Manager, Budget Planner, Free Budget Software, Online Banking}},
  howpublished = "\url{https://www.mint.com/}",
  year = {2014}, 
  note = "[Online; accessed 30-June-2014]"
}


@misc{gnucash,
  author = {The GnuCash Project},
  title = {{Free Accounting Software | GnuCash}},
  howpublished = "\url{http://www.gnucash.org/}",
  year = {2014}, 
  note = "[Online; accessed 30-June-2014]"
}


@misc{ynab,
  author = {Jesse Mecham},
  title = {{Personal Budget Software - Finance Software for Windows & Mac}},
  howpublished = "\url{http://www.youneedabudget.com/}",
  year = {2014}, 
  note = "[Online; accessed 30-June-2014]"
}


@misc{toshl,
  author = {Toshl Inc.},
  title = {{Toshl Finance - Personal Finance Manager and Expense Tracker}},
  howpublished = "\url{https://toshl.com/}",
  year = {2014}, 
  note = "[Online; accessed 30-June-2014]"
}


@misc{expenseiq,
  author = {Handy Apps},
  title = {{Expense IQ - Expense Manager}},
  howpublished = "\url{http://www.handy-apps.com/main/Home.aspx}",
  year = {2014}, 
  note = "[Online; accessed 30-June-2014]"
}
@book{rud2009business,
  title={Business intelligence success factors: Tools for aligning your business in the global economy},
  author={Rud, Olivia Parr},
  volume={18},
  year={2009},
  publisher={John Wiley \& Sons}
}


@article{daniel1959use,
  title={Use of half-normal plots in interpreting factorial two-level experiments},
  author={Daniel, Cuthbert},
  journal={Technometrics},
  volume={1},
  number={4},
  pages={311--341},
  year={1959},
  publisher={Taylor \& Francis}
}


@article{power2007brief,
  title={A brief history of decision support systems},
  author={Power, Daniel J},
  journal={DSSResources. COM, World Wide Web, http://DSSResources. COM/history/dsshistory. html, version},
  volume={4},
  year={2007}
}


@article{Ghazanfari20111579,
title = "A tool to evaluate the business intelligence of enterprise systems ",
journal = "Scientia Iranica ",
volume = "18",
number = "6",
pages = "1579 - 1590",
year = "2011",
note = "",
issn = "1026-3098",
doi = "http://dx.doi.org/10.1016/j.scient.2011.11.011",
url = "http://www.sciencedirect.com/science/article/pii/S102630981100215X",
author = "M. Ghazanfari and M. Jafari and S. Rouhani",
keywords = "Business intelligence",
keywords = "Decision support",
keywords = "Enterprise systems",
keywords = "Evaluation tool "
}


@article{friendly2008milestones,
  title={Milestones in the history of thematic cartography, statistical graphics, and data visualization},
  author={Friendly, Michael and Denis, Daniel J},
  journal={Seeing Science: Today American Association for the Advancement of Science},
  year={2008}
}


@book{post2003data,
  title={Data visualization: the state of the art},
  author={Post, Frits H and Nielson, Gregory and Bonneau, Georges-Pierre},
  volume={1},
  year={2003},
  publisher={Springer}
}


@inproceedings{amar2005low,
  title={Low-level components of analytic activity in information visualization},
  author={Amar, Robert and Eagan, James and Stasko, John},
  booktitle={Information Visualization, 2005. INFOVIS 2005. IEEE Symposium on},
  pages={111--117},
  year={2005},
  organization={IEEE}
}


@book{alexander2013excel,
  title={Excel Dashboards and Reports},
  author={Alexander, Michael},
  year={2013},
  publisher={John Wiley \& Sons}
}


@inproceedings{breuel2008ocropus,
  title={The OCRopus open source OCR system},
  author={Breuel, Thomas M},
  booktitle={Electronic Imaging 2008},
  pages={68150F--68150F},
  year={2008},
  organization={International Society for Optics and Photonics}
}


@article{platt1998sequential,
  title={Sequential minimal optimization: A fast algorithm for training support vector machines},
  author={Platt, John and others},
  year={1998},
  publisher={technical report msr-tr-98-14, Microsoft Research}
}


@inproceedings{goldberg2008splitsvm,
  title={splitSVM: fast, space-efficient, non-heuristic, polynomial kernel computation for NLP applications},
  author={Goldberg, Yoav and Elhadad, Michael},
  booktitle={Proceedings of the 46th Annual Meeting of the Association for Computational Linguistics on Human Language Technologies: Short Papers},
  pages={237--240},
  year={2008},
  organization={Association for Computational Linguistics}
}


@inproceedings{sellathurai1999separability,
  title={The separability theory of hyperbolic tangent kernels and support vector machines for pattern classification},
  author={Sellathurai, Mathini and Haykin, Simon},
  booktitle={Acoustics, Speech, and Signal Processing, 1999. Proceedings., 1999 IEEE International Conference on},
  volume={2},
  pages={1021--1024},
  year={1999},
  organization={IEEE}
}


@inproceedings{fleuret2003scale,
  title={Scale-invariance of support vector machines based on the triangular kernel},
  author={Fleuret, Fran{\c{c}}ois and Sahbi, Hichem},
  booktitle={3rd International Workshop on Statistical and Computational Theories of Vision},
  year={2003}
}


@online{neural_network,
 author  = "Wikimedia Commons",
 title   = "Artificial neural network",
 year    = "2006",
 urlseen = "31-05-14",
 url     = "http://en.wikipedia.org/wiki/File:Artificial_neural_network.svg",
 license = "Creative Commons Attribution-Share Alike 3.0 Unported"
}

@online{svm_max_margin,
 author  = "Wikimedia Commons",
 title   = "Svm max sep hyperplane with margin",
 year    = "2008",
 urlseen = "31-05-14",
 url     = "http://en.wikipedia.org/wiki/File:Svm_max_sep_hyperplane_with_margin.png",
}


@inproceedings{nair2010rectified,
  title={Rectified linear units improve restricted boltzmann machines},
  author={Nair, Vinod and Hinton, Geoffrey E},
  booktitle={Proceedings of the 27th International Conference on Machine Learning (ICML-10)},
  pages={807--814},
  year={2010}
}


@article{rosenblatt1958perceptron,
  title={The perceptron: a probabilistic model for information storage and organization in the brain.},
  author={Rosenblatt, Frank},
  journal={Psychological review},
  volume={65},
  number={6},
  pages={386},
  year={1958},
  publisher={American Psychological Association}
}


@article{cybenko1989approximation,
  title={Approximation by superpositions of a sigmoidal function},
  author={Cybenko, George},
  journal={Mathematics of control, signals and systems},
  volume={2},
  number={4},
  pages={303--314},
  year={1989},
  publisher={Springer}
}


@article{werbos1974beyond,
  title={Beyond regression: New tools for prediction and analysis in the behavioral sciences},
  author={Werbos, Paul},
  year={1974}
}


@article{hochreiter1998vanishing,
  title={The vanishing gradient problem during learning recurrent neural nets and problem solutions},
  author={Hochreiter, Sepp},
  journal={International Journal of Uncertainty, Fuzziness and Knowledge-Based Systems},
  volume={6},
  number={02},
  pages={107--116},
  year={1998},
  publisher={World Scientific}
}


@article{hinton2006fast,
  title={A fast learning algorithm for deep belief nets},
  author={Hinton, Geoffrey E and Osindero, Simon and Teh, Yee-Whye},
  journal={Neural computation},
  volume={18},
  number={7},
  pages={1527--1554},
  year={2006},
  publisher={MIT Press}
}


@online{rbm_graph,
 author  = "The Shark developer team",
 title   = "RBM graph",
 urlseen = "31-05-14",
 url     = "http://image.diku.dk/shark/sphinx_pages/build/html/rest_sources/tutorials/algorithms/rbm_module.html",
}


@online{lenet_conv,
 author  = "LISA Lab",
 title   = "Convolutional Neural Networks (LeNet) - DeepLearning 0.1 documentation",
 urlseen = "31-05-14",
 url     = "http://deeplearning.net/tutorial/lenet.html",
}


@article{hinton2010practical,
  title={A practical guide to training restricted Boltzmann machines},
  author={Hinton, Geoffrey},
  journal={Momentum},
  volume={9},
  number={1},
  pages={926},
  year={2010}
}


@article{hinton2002training,
  title={Training products of experts by minimizing contrastive divergence},
  author={Hinton, Geoffrey E},
  journal={Neural computation},
  volume={14},
  number={8},
  pages={1771--1800},
  year={2002},
  publisher={MIT Press}
}


@inproceedings{martens2010deep,
  title={Deep learning via Hessian-free optimization},
  author={Martens, James},
  booktitle={Proceedings of the 27th International Conference on Machine Learning (ICML-10)},
  pages={735--742},
  year={2010}
}


@article{goodfellow2013maxout,
  title={Maxout networks},
  author={Goodfellow, Ian J and Warde-Farley, David and Mirza, Mehdi and Courville, Aaron and Bengio, Yoshua},
  journal={arXiv preprint arXiv:1302.4389},
  year={2013}
}


@incollection{scherer2010evaluation,
  title={Evaluation of pooling operations in convolutional architectures for object recognition},
  author={Scherer, Dominik and M{\"u}ller, Andreas and Behnke, Sven},
  booktitle={Artificial Neural Networks--ICANN 2010},
  pages={92--101},
  year={2010},
  publisher={Springer}
}


@article{hinton2012improving,
  title={Improving neural networks by preventing co-adaptation of feature detectors},
  author={Hinton, Geoffrey E and Srivastava, Nitish and Krizhevsky, Alex and Sutskever, Ilya and Salakhutdinov, Ruslan R},
  journal={arXiv preprint arXiv:1207.0580},
  year={2012}
}


@article{pedregosa2011scikit,
  title={Scikit-learn: Machine learning in Python},
  author={Pedregosa, Fabian and Varoquaux, Ga{\"e}l and Gramfort, Alexandre and Michel, Vincent and Thirion, Bertrand and Grisel, Olivier and Blondel, Mathieu and Prettenhofer, Peter and Weiss, Ron and Dubourg, Vincent and others},
  journal={The Journal of Machine Learning Research},
  volume={12},
  pages={2825--2830},
  year={2011},
  publisher={JMLR. org}
}


@article{goodfellow2013pylearn2,
  title={Pylearn2: a machine learning research library},
  author={Goodfellow, Ian J and Warde-Farley, David and Lamblin, Pascal and Dumoulin, Vincent and Mirza, Mehdi and Pascanu, Razvan and Bergstra, James and Bastien, Fr{\'e}d{\'e}ric and Bengio, Yoshua},
  journal={arXiv preprint arXiv:1308.4214},
  year={2013}
}


@article{lawrence1997face,
  title={Face recognition: A convolutional neural-network approach},
  author={Lawrence, Steve and Giles, C Lee and Tsoi, Ah Chung and Back, Andrew D},
  journal={Neural Networks, IEEE Transactions on},
  volume={8},
  number={1},
  pages={98--113},
  year={1997},
  publisher={IEEE}
}


@article{lecun1989backpropagation,
  title={Backpropagation applied to handwritten zip code recognition},
  author={LeCun, Yann and Boser, Bernhard and Denker, John S and Henderson, Donnie and Howard, Richard E and Hubbard, Wayne and Jackel, Lawrence D},
  journal={Neural computation},
  volume={1},
  number={4},
  pages={541--551},
  year={1989},
  publisher={MIT Press}
}


@inproceedings{vincent2008extracting,
  title={Extracting and composing robust features with denoising autoencoders},
  author={Vincent, Pascal and Larochelle, Hugo and Bengio, Yoshua and Manzagol, Pierre-Antoine},
  booktitle={Proceedings of the 25th international conference on Machine learning},
  pages={1096--1103},
  year={2008},
  organization={ACM}
}


@article{bengio2009learning,
  title={Learning deep architectures for AI},
  author={Bengio, Yoshua},
  journal={Foundations and trends{\textregistered} in Machine Learning},
  volume={2},
  number={1},
  pages={1--127},
  year={2009},
  publisher={Now Publishers Inc.}
}


@online{django,
 author  = "Django Software Foundation",
 title   = "The Web framework for perfectionists with deadlines | Django",
 urlseen = "31-05-14",
 url     = "https://www.djangoproject.com/",
}


@article{bostock2011d3,
  title={D$^3$ data-driven documents},
  author={Bostock, Michael and Ogievetsky, Vadim and Heer, Jeffrey},
  journal={Visualization and Computer Graphics, IEEE Transactions on},
  volume={17},
  number={12},
  pages={2301--2309},
  year={2011},
  publisher={IEEE},
  url = {http://vis.stanford.edu/papers/d3}
}


@online{gmapsjs,
 author  = "Google Inc.",
 title   = "Google Maps JavaScript API v3 - Google Developers",
 urlseen = "31-05-14",
 url     = "https://developers.google.com/maps/documentation/javascript/",
}


@online{dcjs,
 author  = "Nick Zhu",
 title   = "dc.js - Dimensional Charting Javascript Library",
 urlseen = "31-05-14",
 url     = "http://dc-js.github.io/dc.js/",
}


@online{crossfilterjs,
 author  = "Square Inc.",
 title   = "Crossfilter",
 urlseen = "31-05-14",
 url     = "http://square.github.io/crossfilter/",
}